<record><leader>00000cas a22000007a 4500</leader><controlfield tag="001">16954940</controlfield><controlfield tag="008">871109d18uu1uuupauuu ne      0    0eng d</controlfield><datafield ind1=" " ind2=" " tag="010"><subfield code="a">sn 87078482 </subfield></datafield><datafield ind1=" " ind2=" " tag="040"><subfield code="a">NPH</subfield><subfield code="b">eng</subfield><subfield code="c">NPH</subfield><subfield code="d">OCLCQ</subfield></datafield><datafield ind1=" " ind2=" " tag="042"><subfield code="a">msc</subfield></datafield><datafield ind1="0" ind2=" " tag="130"><subfield code="a">Daily evening Republican (Waynesburg, Pa.)</subfield></datafield><datafield ind1="1" ind2="4" tag="245"><subfield code="a">The daily evening Republican.</subfield></datafield><datafield ind1=" " ind2=" " tag="260"><subfield code="a">Waynesburg, Pa. :</subfield><subfield code="b">[s.n.]</subfield></datafield><datafield ind1=" " ind2=" " tag="300"><subfield code="a">v.</subfield></datafield><datafield ind1=" " ind2=" " tag="500"><subfield code="a">Editor: W.G.W. Day.</subfield></datafield><datafield ind1=" " ind2=" " tag="580"><subfield code="a">Weekly ed.: Waynesburg Republican (Waynesburg, Pa. : 1870).</subfield></datafield><datafield ind1=" " ind2=" " tag="588"><subfield code="a">Description based on: Vol. 1, no. 16 (Sept. 6, 1877).</subfield></datafield><datafield ind1=" " ind2=" " tag="752"><subfield code="a">United States</subfield><subfield code="b">Pennsylvania</subfield><subfield code="c">Greene</subfield><subfield code="d">Waynesburg.</subfield></datafield><datafield ind1="1" ind2=" " tag="775"><subfield code="t">Waynesburg Republican (Waynesburg, Pa. : 1870)</subfield><subfield code="w">(DLC)sn 87078481</subfield></datafield><datafield ind1="1" ind2=" " tag="029"><subfield code="a">AU@</subfield><subfield code="b">000025808423</subfield></datafield></record>